@inproceedings{Steinbach12,
    author      = {Bernd Steinbach and Christian Posthoff},
    title       = {{Extremely Complex 4-Colored Rectangle-Free Grids: Solution of Open Multiple-Valued Problems}},
    booktitle   = {ISMVL},
    year        = {2012},
    pages       = {37-44},
}
